@article{Ashton2009,
  title     = {That ‘Internet of Things’ Thing},
  author    = {Ashton, Kevin},
  journal   = {RFID Journal},
  year      = {2009},
  url       = {https://www.rfidjournal.com/that-internet-of-things-thing}
}

@article{Atzori2010,
  title     = {The Internet of Things: A Survey},
  author    = {Atzori, Luigi and Iera, Antonio and Morabito, Giacomo},
  journal   = {Computer Networks},
  volume    = {54},
  number    = {15},
  pages     = {2787--2805},
  year      = {2010},
  publisher = {Elsevier},
  url       = {https://www.sciencedirect.com/science/article/pii/S1389128610001568}
}

@article{Gubbi2013,
  title     = {Internet of Things (IoT): A Vision, Architectural Elements, and Future Directions},
  author    = {Gubbi, Jayavardhana and Buyya, Rajkumar and Marusic, Slaven and Palaniswami, Marimuthu},
  journal   = {Future Generation Computer Systems},
  volume    = {29},
  number    = {7},
  pages     = {1645--1660},
  year      = {2013},
  publisher = {Elsevier},
  url       = {https://www.sciencedirect.com/science/article/pii/S0167739X13000241}
}

@book{Vermesan2013,
  title     = {Internet of Things - Converging Technologies for Smart Environments and Integrated Ecosystems},
  author    = {Vermesan, Ovidiu and Friess, Peter},
  year      = {2013},
  url       = {https://www.researchgate.net/publication/272943881_Internet_of_Things_-_Converging_Technologies_for_Smart_Environments_and_Integrated_Ecosystems}
}

@article{AlFuqaha2015,
  title     = {Internet of Things: A Survey on Enabling Technologies, Protocols, and Applications},
  author    = {Al-Fuqaha, Ala and Guizani, Mohsen and Mohammadi, Mehdi and Aledhari, Moussa and Ayyash, Moussa},
  journal   = {IEEE Communications Surveys \& Tutorials},
  volume    = {17},
  number    = {4},
  pages     = {2347--2376},
  year      = {2015},
  publisher = {IEEE},
  url       = {https://ieeexplore.ieee.org/document/7123563}
}

@article{Swan2012,
  title     = {Sensor Mania! The Internet of Things, Wearable Computing, Objective Metrics, and the Quantified Self 2.0},
  author    = {Melanie Swan},
  journal   = {Journal of Sensor and Actuator Networks},
  year      = {2012},
  volume    = {1},
  number    = {3},
  pages     = {217--253},
  url       = {https://www.mdpi.com/2224-2708/1/3/217}
}

@article{Lu2017,
  title     = {Industry 4.0: A survey on technologies, applications and open research issues},
  author    = {Yongxin Lu},
  journal   = {Journal of Industrial Information Integration},
  year      = {2017},
  volume    = {6},
  pages     = {1--10},
  url       = {https://www.journals.elsevier.com/journal-of-industrial-information-integration}
}

@article{Islam2015,
  title     = {The Internet of Things for Health Care: A Comprehensive Survey},
  author    = {Shahid Raza Islam and Daehan Kwak and Md. Humaun Kabir and Humaun Kabir and Kyung-Sup Kwak},
  journal   = {IEEE Access},
  year      = {2015},
  volume    = {3},
  pages     = {678--708},
  url       = {https://ieeexplore.ieee.org/document/7113786}
}

@article{Zanella2014,
  author    = {Andrea Zanella and Nicola Bui and Angelo Castellani and Lorenzo Vangelista and Michele Zorzi},
  journal   = {IEEE Internet of Things Journal},
  year      = {2014},
  volume    = {1},
  number    = {1},
  pages     = {22--32},
  url       = {https://ieeexplore.ieee.org/document/6740844}
}

@article{Miorandi2012,
  title     = {Internet of things: Vision, applications and research challenges},
  author    = {Daniele Miorandi and Sabrina Sicari and Francesco De Pellegrini and Imrich Chlamtac},
  journal   = {Ad Hoc Networks},
  year      = {2012},
  volume    = {10},
  number    = {7},
  pages     = {1497--1516},
  url       = {https://www.journals.elsevier.com/ad-hoc-networks}
}

@article{Want2015,
  title     = {Enabling the Internet of Things},
  author    = {Roy Want and Bill N. Schilit and Scott Jenson},
  journal   = {Computer},
  year      = {2015},
  volume    = {48},
  number    = {1},
  pages     = {28--35},
  url       = {https://www.computer.org/csdl/magazine/co/2015/01/mco2015010028/13rRUwh80KK}
}

@article{Kortuem2010,
  title     = {Smart objects as building blocks for the Internet of things},
  author    = {Gerd Kortuem and Fahim Kawsar and Vasughi Sundramoorthy and Daniel Fitton},
  journal   = {IEEE Internet Computing},
  year      = {2010},
  volume    = {14},
  number    = {1},
  pages     = {44--51},
  url       = {https://ieeexplore.ieee.org/document/5342399}
}

@article{Kovatsch2023,
  title={Web of Things (WoT) Architecture},
  author={Kovatsch, Matthias and Matsukura, Ryuichi and Lagally, Michael and Kawaguchi, Takeshi},
  year={2023},
  publisher={W3C},
  url={https://www.w3.org/TR/wot-architecture/}
}

@article{Garcia2019,
  title     = {WOTPY: A framework for web of things applications},
  author    = {Andrés {García Mangas} and Francisco José {Suárez Alonso}},
  journal   = {Computer Communications},
  year      = {2019},
  volume    = {147},
  pages     = {235-251},
  url       = {https://www.sciencedirect.com/science/article/pii/S0140366419304633},
}

@article{Tsiatsis2018,
  title     = {The Internet of Things: Insights into the Building Blocks, Component Interactions, and Architecture Layers},
  author    = {Vlasios Tsiatsis and Stamatis Karnouskos and Jan Höller},
  journal   = {Procedia Computer Science},
  year      = {2018},
  volume    = {130},
  pages     = {34--42},
  url       = {https://www.sciencedirect.com/science/article/pii/S1877050918309049}
}

@article{Compton2012,
  title     = {The SSN ontology of the W3C semantic sensor network incubator group},
  author    = {Michael Compton and Payam Barnaghi and Luis Bermudez and Raúl García-Castro and Oscar Corcho and Simon Cox},
  journal   = {Journal of Web Semantics},
  year      = {2012},
  volume    = {17},
  pages     = {25--32},
  url       = {https://www.sciencedirect.com/science/article/pii/S1570826812000571}
}

@article{Soldatos2015,
  title     = {OpenIoT: Open Source Internet-of-Things in the Cloud},
  author    = {John Soldatos and Nikos Kefalakis and Manfred Hauswirth and Martin Serrano and Jean-Paul Calbimonte and Mehdi Riahi},
  journal   = {Interoperability and Open-Source Solutions for the Internet of Things},
  year      = {2015},
  pages     = {13--25},
  url       = {https://www.researchgate.net/publication/273447891_OpenIoT_Open_Source_Internet-of-Things_in_the_Cloud}
}

@article{Haller2017,
  title={Semantic Sensor Network Ontology},
  author={Haller, Armin and Janowicz, Krzysztof and Cox, Simon JD and Le Phuoc, Danh and Taylor, Kerry and Lefran{\c{c}}ois, Maxime},
  journal={W3C Recommendation},
  year={2017},
  url={https://www.w3.org/TR/vocab-ssn/}
}

@book{Hitzler2010,
  title={Semantic Web: Grundlagen},
  author={Hitzler, Pascal and Kr{\"o}tzsch, Markus and Rudolph, Sebastian and Sure, York},
  year={2010},
  publisher={Springer},
  url={https://link.springer.com/book/10.1007/978-3-540-33994-6}
}

@book{Allemang2011,
  title={Semantic Web for the Working Ontologist: Effective Modeling in RDFS and OWL},
  author={Allemang, Dean and Hendler, James},
  year={2011},
  publisher={Morgan Kaufmann},
  url={https://www.elsevier.com/books/semantic-web-for-the-working-ontologist/allemang/978-0-12-385965-5}
}

@book{Antoniou2004,
  title={Web Ontology Language: OWL},
  author={Antoniou, Grigoris and Harmelen, Frank},
  year={2004},
  publisher={MIT Press},
  url={https://link.springer.com/chapter/10.1007/978-3-540-24750-0_4}
}

@article{Corcho2003,
  title={Ontologies and the Semantic Web},
  author={Corcho, Oscar and Fern{\'a}ndez-L{\'o}pez, Mariano and G{\'o}mez-P{\'e}rez, Asunci{\'o}n},
  journal={Journal on Data Semantics I},
  pages={158--181},
  year={2003},
  publisher={Springer},
  url={https://link.springer.com/chapter/10.1007/978-3-540-39718-2_7}
}

@misc{Nakano2023,
author 		= {Gustavo Tsuyoshi Ariga and Fábio Nakano},
title 		= {WotPy: Solução de Problemas e Exemplo de Uso}, 
year        = {2023},
url 		= {https://github.com/T16K/ACH2017-ACH2018/blob/main/Monografia%20ACH2017/main.pdf} 
}

@misc{Ariga2023,
author 		= {Gustavo Tsuyoshi Ariga and Larissa Maruyama},
title 		= {Protetor Solar}, 
year        = {2022},
url 			= {https://github.com/T16K/ACH2157} 
}
